@book{rue2005gaussian,
  title={Gaussian Markov random fields: theory and applications},
  author={Rue, Havard and Held, Leonhard},
  year={2005},
  publisher={CRC press}
}

@article{DEBastiani2018gaussian,
	title={Gaussian Markov random field spatial models in GAMLSS},
	author={De Bastiani, Fernanda and Rigby, Robert A and Stasinopoulous, Dimitrios M and Cysneiros, Audrey HMA and Uribe-Opazo, Miguel A},
	journal={Journal of Applied Statistics},
	volume={45},
	number={1},
	pages={168--186},
	year={2018},
	publisher={Taylor \& Francis}
}
@misc{cressie2011statistics,
	title={Statistics for spatio-temporal data, vol. 465},
	author={Cressie, N and Wikle, CK},
	year={2011},
	publisher={Wiley}
}

@article{hanks2015constructive,
	title={A constructive spatio-temporal approach to modeling spatial covariance},
	author={Hanks, Ephraim M},
	journal={arXiv preprint arXiv:1506.03824},
	year={2015}
}
@article{whittle1954stationary,
	title={On stationary processes in the plane},
	author={Whittle, Peter},
	journal={Biometrika},
	pages={434--449},
	year={1954},
	publisher={JSTOR}
}
@book{wood2017generalized,
	title={Generalized additive models: an introduction with R},
	author={Wood, Simon N},
	year={2017},
	publisher={Chapman and Hall/CRC}
}
@article{pace1997using,
  title={Using the spatial configuration of the data to improve estimation},
  author={Pace, R Kelley and Gilley, Otis W},
  journal={The Journal of Real Estate Finance and Economics},
  volume={14},
  number={3},
  pages={333--340},
  year={1997},
  publisher={Springer}
}
@article{gilley1996harrison,
  title={On the Harrison and Rubinfeld data},
  author={Gilley, Otis W and Pace, R Kelley and others},
  journal={Journal of Environmental Economics and Management},
  volume={31},
  number={3},
  pages={403--405},
  year={1996},
  publisher={New York: Academic Press, 1974-}
}
@article{rigby2005generalized,
  title={Generalized additive models for location, scale and shape},
  author={Rigby, Robert A and Stasinopoulos, D Mikis},
  journal={Journal of the Royal Statistical Society: Series C (Applied Statistics)},
  volume={54},
  number={3},
  pages={507--554},
  year={2005},
  publisher={Wiley Online Library}
}
@article{ver2018relationship,
  title={On the relationship between conditional (CAR) and simultaneous (SAR) autoregressive models},
  author={Ver Hoef, Jay M and Hanks, Ephraim M and Hooten, Mevin B},
  journal={Spatial Statistics},
  volume={25},
  pages={68--85},
  year={2018},
  publisher={Elsevier}
}
@article{ver2018spatial,
  title={Spatial autoregressive models for statistical inference from ecological data},
  author={Ver Hoef, Jay M and Peterson, Erin E and Hooten, Mevin B and Hanks, Ephraim M and Fortin, Marie-Jos{\`e}e},
  journal={Ecological Monographs},
  volume={88},
  number={1},
  pages={36--59},
  year={2018},
  publisher={Wiley Online Library}
}
@book{cressie1993statistics,
  title={Statistics for spatial data},
  author={Cressie, N.A.C.},
  isbn={9780471002550},
  lccn={gb93056987},
  series={Wiley series in probability and mathematical statistics: Applied probability and statistics},
  url={https://books.google.com.br/books?id=4SdRAAAAMAAJ},
  year={1993},
  publisher={J. Wiley}
}

@book{fahrmeir2013regression,
  title={Regression: models, methods and applications},
  author={Fahrmeir, Ludwig and Kneib, Thomas and Lang, Stefan and Marx, Brian},
  year={2013},
  publisher={Springer Science \& Business Media}
}

@book{banerjee2004hierarchical,
  title={Hierarchical modeling and analysis for spatial data},
  author={Banerjee, Sudipto and Carlin, Bradley P and Gelfand, Alan E},
  year={2004},
  publisher={Chapman and Hall/CRC}
}

@book{stasinopoulos2017flexible,
  title={Flexible regression and smoothing: using GAMLSS in R},
  author={Stasinopoulos, Mikis D and Rigby, Robert A and Heller, Gillian Z and Voudouris, Vlasios and De Bastiani, Fernanda},
  year={2017},
  publisher={Chapman and Hall/CRC}
}

@article{rigby2014automatic,
  title={Automatic smoothing parameter selection in GAMLSS with an application to centile estimation},
  author={Rigby, Robert A and Stasinopoulos, Dimitrios M},
  journal={Statistical methods in medical research},
  volume={23},
  number={4},
  pages={318--332},
  year={2014},
  publisher={Sage Publications Sage UK: London, England}
}

@article{besag1974spatial,
  title={Spatial interaction and the statistical analysis of lattice systems},
  author={Besag, Julian},
  journal={Journal of the Royal Statistical Society. Series B (Methodological)},
  pages={192--236},
  year={1974},
  publisher={JSTOR}
}

@article{harrison1978hedonic,
  title={Hedonic housing prices and the demand for clean air},
  author={Harrison Jr, David and Rubinfeld, Daniel L},
  journal={Journal of environmental economics and management},
  volume={5},
  number={1},
  pages={81--102},
  year={1978},
  publisher={Elsevier}
}
@article{buuren2001worm,
  title={Worm plot: a simple diagnostic device for modelling growth reference curves},
  author={Buuren, Stef van and Fredriks, Miranda},
  journal={Statistics in medicine},
  volume={20},
  number={8},
  pages={1259--1277},
  year={2001},
  publisher={Wiley Online Library}
}

@book{hodges2016richly,
  title={Richly parameterized linear models: additive, time series, and spatial models using random effects},
  author={Hodges, James S},
  year={2016},
  publisher={Chapman and Hall/CRC}
}
@book{kemp2007encyclopedia,
  title={Encyclopedia of Geographic Information Science},
  author={Kemp, Karen},
  year={2007},
  publisher={SAGE publications}
}
@incollection{elhorst2014linear,
  title={Linear spatial dependence models for cross-section data},
  author={Elhorst, J Paul},
  booktitle={Spatial Econometrics},
  pages={5--36},
  year={2014},
  publisher={Springer}
}
@article{mao1992texture,
  title={Texture classification and segmentation using multiresolution simultaneous autoregressive models},
  author={Mao, Jianchang and Jain, Anil K},
  journal={Pattern recognition},
  volume={25},
  number={2},
  pages={173--188},
  year={1992},
  publisher={Elsevier}
}
@article{lichstein2002spatial,
  title={Spatial autocorrelation and autoregressive models in ecology},
  author={Lichstein, Jeremy W and Simons, Theodore R and Shriner, Susan A and Franzreb, Kathleen E},
  journal={Ecological monographs},
  volume={72},
  number={3},
  pages={445--463},
  year={2002},
  publisher={Wiley Online Library}
}
@article{besag1995conditional,
  title={On conditional and intrinsic autoregressions},
  author={Besag, Julian and Kooperberg, Charles},
  journal={Biometrika},
  volume={82},
  number={4},
  pages={733--746},
  year={1995},
  publisher={Oxford University Press}
}
@book{ray2008development,
  title={Development economics},
  author={Ray, Debraj},
  year={2008},
  publisher={Springer}
}
@article{barros2007queda,
  title={A queda recente da desigualdade de renda no Brasil},
  author={Barros, Ricardo Paes de and Carvalho, Mirela de and Franco, Samuel and Mendon{\c{c}}a, Rosane},
  year={2007},
  publisher={Instituto de Pesquisa Econ{\^o}mica Aplicada (Ipea)}
}
@article{tobler1970computer,
  title={A computer movie simulating urban growth in the Detroit region},
  author={Tobler, Waldo R},
  journal={Economic geography},
  volume={46},
  number={sup1},
  pages={234--240},
  year={1970},
  publisher={Taylor \& Francis}
}
@book{haining2003spatial,
  title={Spatial data analysis: theory and practice},
  author={Haining, Robert P and Haining, Robert},
  year={2003},
  publisher={Cambridge University Press}
}

@article{jackson2008simulating,
  title={Simulating discrete spatially correlated Poisson data on a lattice},
  author={Jackson, Monica C and Sellers, Kimberly Flagg},
  journal={International Journal of Pure and Applied Mathematics},
  volume={46},
  number={1},
  pages={137},
  year={2008},
  publisher={Academic Publications}
}
@article{nelder1972generalized,
  title={Generalized linear models},
  author={Nelder, John Ashworth and Wedderburn, Robert WM},
  journal={Journal of the Royal Statistical Society: Series A (General)},
  volume={135},
  number={3},
  pages={370--384},
  year={1972},
  publisher={Wiley Online Library}
}
@book{mccullagh1989generalized,
  added-at = {2012-11-18T14:31:40.000+0100},
  author = {McCullagh, P. and Nelder, J.A.},
  biburl = {https://www.bibsonomy.org/bibtex/23a882b729f3f7333923cd713869d3f5f/peter.ralph},
  interhash = {1c22cedb7c518df1a6b0999d3f04f629},
  intrahash = {3a882b729f3f7333923cd713869d3f5f},
  isbn = {9780412317606},
  keywords = {GLM reference statistics},
  lccn = {99013896},
  publisher = {Chapman \& Hall},
  series = {Chapman and Hall/CRC Monographs on Statistics and Applied Probability Series},
  timestamp = {2012-11-18T14:31:40.000+0100},
  title = {Generalized Linear Models, Second Edition},
  url = {http://books.google.com/books?id=h9kFH2\_FfBkC},
  year = 1989
}
@book{bhunia2019geospatial,
  title={Geospatial Analysis of Public Health},
  author={Bhunia, Gouri Sankar and Shit, Pravat Kumar},
  year={2019},
  publisher={Springer}
}
@article{besag1991bayesian,
  title={Bayesian image restoration, with two applications in spatial statistics},
  author={Besag, Julian and York, Jeremy and Molli{\'e}, Annie},
  journal={Annals of the institute of statistical mathematics},
  volume={43},
  number={1},
  pages={1--20},
  year={1991},
  publisher={Springer}
}
@book{hastie1990generalized,
  author = {Hastie, Trevor and Tibshirani, Robert},
  publisher = {Wiley Online Library},
  timestamp = {2017-12-31T14:20:24.000+0100},
  title = {Generalized additive models},
  year = 1990
}
@article{alam2015fitting,
  title={Fitting conditional and simultaneous autoregressive spatial models in hglm},
  author={Alam, Moudud and R{\"o}nneg{\aa}rd, Lars and Shen, Xia},
  journal={The R Journal},
  volume={7},
  number={2},
  pages={5--18},
  year={2015}
}
@article{lee2012modifications,
  title={Modifications of REML algorithm for HGLMs},
  author={Lee, Woojoo and Lee, Youngjo},
  journal={Statistics and Computing},
  volume={22},
  number={4},
  pages={959--966},
  year={2012},
  publisher={Springer}
}
@article{montero2012sar,
  title={SAR models with nonparametric spatial trends. A P-spline approach},
  author={Montero, J and M{\'\i}nguez, R and Durb{\'a}n, M},
  journal={Estad{\'\i}stica Espa{\~n}ola},
  volume={54},
  number={177},
  pages={89--111},
  year={2012}
}
@article{anselin1996efficient,
  title={Efficient algorithms for constructing proper higher order spatial lag operators},
  author={Anselin, Luc and Smirnov, Oleg},
  journal={Journal of Regional Science},
  volume={36},
  number={1},
  pages={67--89},
  year={1996},
  publisher={Wiley Online Library}
}

@article{blommestein1992recursive,
  title={Recursive algorithms for the elimination of redundant paths in spatial lag operators},
  author={Blommestein, Hans J and Koper, Nick AM},
  journal={Journal of Regional Science},
  volume={32},
  number={1},
  pages={91--111},
  year={1992},
  publisher={Wiley Online Library}
}
@article{alam2015fitting,
  title={Fitting conditional and simultaneous autoregressive spatial models in hglm},
  author={Alam, Moudud and R{\"o}nneg{\aa}rd, Lars and Shen, Xia},
  journal={The R Journal},
  volume={7},
  number={2},
  pages={5--18},
  year={2015}
}

@book{fox2015applied,
  title={Applied regression analysis and generalized linear models},
  author={Fox, John},
  year={2015},
  publisher={Sage Publications}
 }
 
 @article{eilers1996flexible,
  title={Flexible smoothing with B-splines and penalties},
  author={Eilers, Paul HC and Marx, Brian D},
  journal={Statistical science},
  pages={89--102},
  year={1996},
  publisher={JSTOR}
}
@article{hoerl1970ridge,
  title={Ridge regression: Biased estimation for nonorthogonal problems},
  author={Hoerl, Arthur E and Kennard, Robert W},
  journal={Technometrics},
  volume={12},
  number={1},
  pages={55--67},
  year={1970},
  publisher={Taylor \& Francis Group}
  }
  @article{tibshirani1996regression,
  title={Regression shrinkage and selection via the lasso},
  author={Tibshirani, Robert},
  journal={Journal of the Royal Statistical Society: Series B (Methodological)},
  volume={58},
  number={1},
  pages={267--288},
  year={1996},
  publisher={Wiley Online Library}
}
@book{edwards2012introduction,
  title={Introduction to graphical modelling},
  author={Edwards, David},
  year={2012},
  publisher={Springer Science \& Business Media}
}
@article{besag1999bayesian,
  title={Bayesian analysis of agricultural field experiments},
  author={Besag, Julian and Higdon, David},
  journal={Journal of the Royal Statistical Society: Series B (Statistical Methodology)},
  volume={61},
  number={4},
  pages={691--746},
  year={1999},
  publisher={Wiley Online Library}
}
@article{cole1992smoothing,
  title={Smoothing reference centile curves: the LMS method and penalized likelihood},
  author={Cole, Timothy J and Green, Pamela J},
  journal={Statistics in medicine},
  volume={11},
  number={10},
  pages={1305--1319},
  year={1992},
  publisher={Wiley Online Library}
}

@article{anselin2003spatial,
  title={Spatial externalities, spatial multipliers, and spatial econometrics},
  author={Anselin, Luc},
  journal={International regional science review},
  volume={26},
  number={2},
  pages={153--166},
  year={2003},
  publisher={Sage Publications}
}
@article{miller2004tobler,
  title={Tobler's first law and spatial analysis},
  author={Miller, Harvey J},
  journal={Annals of the Association of American Geographers},
  volume={94},
  number={2},
  pages={284--289},
  year={2004},
  publisher={Taylor \& Francis}
}
@article{pace2000method,
  title={A method for spatial--temporal forecasting with an application to real estate prices},
  author={Pace, R Kelley and Barry, Ronald and Gilley, Otis W and Sirmans, CF},
  journal={International Journal of Forecasting},
  volume={16},
  number={2},
  pages={229--246},
  year={2000},
  publisher={Elsevier}
}
@article{kimeldorf1970correspondence,
  title={A correspondence between Bayesian estimation on stochastic processes and smoothing by splines},
  author={Kimeldorf, George S and Wahba, Grace},
  journal={The Annals of Mathematical Statistics},
  volume={41},
  number={2},
  pages={495--502},
  year={1970},
  publisher={JSTOR}
}
@article{fotheringham2015geographical,
  title={Geographical and temporal weighted regression (GTWR)},
  author={Fotheringham, A Stewart and Crespo, Ricardo and Yao, Jing},
  journal={Geographical Analysis},
  volume={47},
  number={4},
  pages={431--452},
  year={2015},
  publisher={Wiley Online Library}
}
@book{gelfand2010handbook,
  title={Handbook of spatial statistics},
  author={Gelfand, Alan E and Diggle, Peter and Guttorp, Peter and Fuentes, Montserrat},
  year={2010},
  publisher={CRC press}
}
